% This file was created with JabRef 2.10.
% Encoding: UTF-8


@Book{beranek,
  Title                    = {Acoustics},
  Author                   = {Beranek L. L},
  Publisher                = {Acoustical Society of America},
  Year                     = {1996},

  Owner                    = {psfloyd},
  Timestamp                = {2017.06.20}
}

@Electronic{rew_man,
  Title                    = {{REW V5 Help}},
  HowPublished             = {\url{http://www.roomeqwizard.com/rewv5_help.pdf}},
  Url                      = {http://www.roomeqwizard.com/rewv5_help.pdf},

  Owner                    = {psfloyd},
  Timestamp                = {2017.06.19}
}

@Electronic{x18_man,
  Title                    = {{18TBX100-8 Specifications}},
  HowPublished             = {\url{http://www.bcspeakers.com/products/lf-driver/18-0/8/18tbx100}},
  Url                      = {http://www.bcspeakers.com/products/lf-driver/18-0/8/18tbx100},

  Owner                    = {psfloyd},
  Timestamp                = {2017.06.19}
}

@Electronic{x6MD_man,
  Title                    = {{6MD38-8 Specifications}},
  HowPublished             = {\url{http://www.bcspeakers.com/products/lf-driver/6-5/8/6md38}},
  Url                      = {http://www.bcspeakers.com/products/lf-driver/6-5/8/6md38},

  Owner                    = {psfloyd},
  Timestamp                = {2017.06.19}
}

@Electronic{aes_2,
  Title                    = {{AES Recommended Practice Specification of Loudpeaker Components Used in Professional Audio and Sound Reinforcement}},
  HowPublished             = {Audio Engineering Society},
  Year                     = {1984},

  Owner                    = {psfloyd},
  Timestamp                = {2017.06.20}
}

